<record><leader>00000cas a22000007a 4500</leader><controlfield tag="001">12888437</controlfield><controlfield tag="008">851210d19371965iauwr ne      0    0eng d</controlfield><datafield ind1=" " ind2=" " tag="010"><subfield code="a">sn 85049867 </subfield></datafield><datafield ind1=" " ind2=" " tag="040"><subfield code="a">INP</subfield><subfield code="b">eng</subfield><subfield code="c">INP</subfield><subfield code="d">OCLCQ</subfield></datafield><datafield ind1=" " ind2=" " tag="042"><subfield code="a">msc</subfield></datafield><datafield ind1="0" ind2=" " tag="130"><subfield code="a">Harrison County news (Missouri Valley, Iowa)</subfield></datafield><datafield ind1="1" ind2="4" tag="245"><subfield code="a">The Harrison County news.</subfield></datafield><datafield ind1="1" ind2="7" tag="246"><subfield code="a">News, Missouri Valley, Harrison County, Iowa</subfield></datafield><datafield ind1=" " ind2=" " tag="260"><subfield code="a">Missouri Valley, Iowa :</subfield><subfield code="b">Times Print. Co. :</subfield><subfield code="b">James R. Rhodes,</subfield><subfield code="c">1937-</subfield></datafield><datafield ind1=" " ind2=" " tag="300"><subfield code="a">v. :</subfield><subfield code="b">ill.</subfield></datafield><datafield ind1=" " ind2=" " tag="310"><subfield code="a">Weekly</subfield></datafield><datafield ind1="0" ind2=" " tag="362"><subfield code="a">Vol. 50, no. 1 (Mar. 5, 1937)-</subfield></datafield><datafield ind1="1" ind2=" " tag="362"><subfield code="a">Ceased in 1965?</subfield><subfield code="z">Cf. Bibl. of Iowa newspapers.</subfield></datafield><datafield ind1=" " ind2=" " tag="500"><subfield code="a">Editor: George H. Seigle.</subfield></datafield><datafield ind1=" " ind2=" " tag="752"><subfield code="a">United States</subfield><subfield code="b">Iowa</subfield><subfield code="c">Harrison</subfield><subfield code="d">Missouri Valley.</subfield></datafield><datafield ind1="0" ind2="1" tag="780"><subfield code="t">Daily times-news (Missouri Valley, Iowa)</subfield><subfield code="w">(DLC)sn 85049864</subfield></datafield><datafield ind1="1" ind2=" " tag="029"><subfield code="a">AU@</subfield><subfield code="b">000025785882</subfield></datafield></record>